@misc{Statcast,
    title = "Statcast Custom Leaderboard",
    author = "Baseball-Savant",
    url = "https://baseballsavant.mlb.com/leaderboard/custom",
    note = "Accessed October 25, 2022."
}

@article{baumer,
    author = "Ben Baumer",
    title = "Using Simulation to Estimate the Impact of Baserunning Ability in Baseball",
    journal = "Journal of Quantitative Analysis in Sports",
    volume = "5",
    edition = "2",
    year = "2009",
    DOI = "https://doi.org/10.2202/1559-0410.1174"}

@article{bukiet,
    author = "Bruce Bukiet and Elliotte Rusty Harold and Jos$\acute{e}$ Luis Palacios",
    title = "A Markov Chain Approach to Baseball",
    journal = "Operations Research",
    volume = "45",
    number = "1",
    pages = "14--23",
    year = "1997",
    url = "http://www.jstor.org/stable/171922"}

@misc{stoll,
    author = "Greg Stoll",
    title = "Expected Runs in an Inning",
    url = "https://gregstoll.com/~gregstoll/baseball/runsperinning.html",
    note = "Accessed January 15, 2023"}

@article{hirotsu,
    author = "Nobuyoshi Hirotsu and J. Eric Bickel",
    title = "Using a Markov decision process to model the value of the sacrifice bunt",
    journal = "Journal of Quantitative Analysis in Sports",
    volume = "15",
    number = "4",
    pages = "327--344",
    year = "2019",
    DOI = "https://doi.org/10.1515/jqas-2017-0092"}

@misc{keyes,
    author = "Christopher Keyes",
    title = "Talking Baseball: When Should You Steal Second Base?",
    institution = "Emory University",
    year = "2022",
    url = "https://www.math.emory.edu/~ckeyes3/blog\_stealing\_bases.html",
    note = "Accessed January 29, 2023"}

@misc{morris,
    author = "Benjamin Morris",
    title = "When to go for 2, for real",
    publisher = "FiveThirtyEight",
    year = "2017",
    url = "https://fivethirtyeight.com/features/when-to-go-for-2-for-real",
    note = "Accessed January 28, 2023"}

@article{pavitt,
    author = "Charles Pavitt",
    title = "An Estimate of How Hitting, Pitching, Fielding, and Basestealing Impact Team Winning Percentages in Baseball",
    journal = "Journal of Quantitative Analysis in Sports",
    volume = "7",
    number = "4",
    year = "2011",
    DOI = "https://doi-org.pallas2.tcl.sc.edu/10.2202/1559-0410.1368"}

@article{peng,
    author = "Chao-Ying Joanne Peng and Kuk Lida Lee and Gary M. Ingersoll",
    title = "An Introduction to Logistic Regression Analysis and Reporting",
    journal = "The Journal of Educational Research",
    volume = "96",
    number = "1",
    pages = "3--14",
    year = "2002",
    url = "https://www.jstor.org/stable/27542407"}

@misc{Retrosheet,
    title = "Play-by-Play Data Files (Event Files)",
    year = "2022",
    author = "Retrosheet",
    url = "https://www.retrosheet.org/game.htm",
    note = "Accessed October 25, 2022"}

@misc{schale,
    author = "Paul Schale",
    title = "MLB Pitch Data 2015-2018",
    year = "2020",
    url = "https://www.kaggle.com/datasets/pschale/mlb-pitch-data-20152018",
    note = "Accessed November 10, 2022"}

@misc{Baseball-Reference,
    title = "Major League Baseball Catchers",
    year = "2017",
    author = "Sports-Reference",
    url = "https://www.baseball-reference.com/leagues/majors/2017-specialpos\_c-fielding.shtml",
    note = "Accessed November 17, 2022"}

@misc{Stolen-Base-Percentage,
    title = "Stolen-base Percentage",
    author = "MLB-Advanced-Media",
    url = "https://www.mlb.com/glossary/standard-stats/stolen-base-percentage",
    note = "Accessed January 29, 2023"}

@misc{hitchcock,
    author = "David Hitchcock",
    title = "Nonparametric Classification Methods",
    year = "2022",
    institution = "University of South Carolina",
    url = "https://people.stat.sc.edu/hitchcock/stat530.html",
    howpublished = "Lecture"
    }